@book{van2002fundamentals,
  title={Fundamentals of digital signal processing},
  author={Van de Vegte, Joyce and Xiaoli, Yin},
  year={2002},
  publisher={Prentice Hall}
}
@article{ochoa2003hybrid,
  title={A Hybrid DWT-SVD Image-Coding System (HDWTSVD) for Color Images},
  author={Ochoa, Humberto and Rao, KR and Ju{\'a}rez, Cd},
  journal={Systemics. Cybernetics and Informatics},
  volume={1},
  pages={2--64},
  year={2003}
}
@misc{Budi,
    author ={Budi Rahadjo},
    title = {Pola Akses Internet Yang Bursty},
    howpublished = {\url{http://rahard.wordpress.com/2011/04/04/pola-akses-internet-yang-bursty/ }},
    note = {Online; Accessed 3 March 2011} ,
    year=2008,
}